<?xml version="1.0" encoding="UTF-8"?><collection xmlns="http://www.loc.gov/MARC21/slim"><record><leader>00365nam--2200133-i-4500</leader><controlfield tag="001">000046182</controlfield><controlfield tag="002">20161230</controlfield><controlfield tag="005">20161230201045</controlfield><controlfield tag="008">060222s1000------------r-----000-0-eng-d</controlfield><datafield ind1=" " ind2=" " tag="080"><subfield code="a">541.643</subfield></datafield><datafield ind1=" " ind2=" " tag="100"><subfield code="a">Van Krevelen, D.W</subfield></datafield><datafield ind1=" " ind2=" " tag="245"><subfield code="a">Properties of polymers correlations with chemical structure</subfield></datafield><datafield ind1=" " ind2=" " tag="260"><subfield code="a">Amsterdam, Elsevier Publ.Co., 1972, Xi+427p</subfield></datafield><datafield ind1=" " ind2=" " tag="852"><subfield code="a">39863</subfield></datafield></record></collection>